@online{petgraph,
	title = {petgraph v0.6.3},
	urldate = {2022-02-19},
	url = {https://docs.rs/petgraph/0.6.3/petgraph/},
	keywords = {graph},
}


@online{fixedbitset,
	title = {fixedbitset v0.4.2},
	urldate = {2022-02-19},
	url = {https://docs.rs/fixedbitset/0.4.2/fixedbitset/},
	keywords = {bit},
}

